







@article{Winkler2017,
    author = {Hugh Winkler},
    title = {Geosteering by exact inference on a Bayesian network},
    journal = {GEOPHYSICS},
    volume = {82},
    number = {5},
    pages = {D279-D291},
    year = {2017},
    doi = {10.1190/geo2016-0569.1},
    URL = { https://doi.org/10.1190/geo2016-0569.1},
    eprint = {https://doi.org/10.1190/geo2016-0569.1}

}


